
@article{futter14,
author = {M. N. Futter and M. A. Erlandsson and D. Butterfield and P. G. Whitehead and S. K. Oni and A. J. Wade},
title = {{PERSiST}: a flexible rainfall-runoff modelling toolkit for use with the {INCA} family of models},
journal = {Hydrol. Earth Syst. Sci.},
year = {2014},
volume = {18},
pages = {855-873},
}

@article{jackson-blake17,
author = {L. A. Jackson-Blake and J. E. Sample and A. J. Wade and R. C. Helliwell and R. A. Skeffington},
title = {Are our dynamic water quality models too complex? A comparison of a new parsimonious phosphorous model, {SimplyP}, and {INCA-P}},
journal = {Water Resources Research},
year = {2017},
volume = {53},
issue = {7},
pages = {5382-5399},
}